<?xml version="1.0" encoding="UTF-8"?><collection xmlns="http://www.loc.gov/MARC21/slim"><record><leader>00653nam--2200181-i-4500</leader><controlfield tag="001">000029769</controlfield><controlfield tag="002">20161230</controlfield><controlfield tag="005">20170206184538</controlfield><controlfield tag="008">060222s1000------------r-----000-0-eng-d</controlfield><datafield ind1=" " ind2=" " tag="040"><subfield code="a">IFIN-HH</subfield></datafield><datafield ind1=" " ind2=" " tag="080"><subfield code="a">514.8:530.145:517.9(061.3)</subfield></datafield><datafield ind1="1" ind2=" " tag="100"><subfield code="a">Martini, R</subfield></datafield><datafield ind1="1" ind2="0" tag="245"><subfield code="a">Lecture notes in mathematics. Vol. 926: Geometric technique in gauge theory. Proceedings of the fifth scheveningen conference on differential equations, the Netherlands August 23-28, 1981</subfield><subfield code="c">R.Martini, E.M. de Jager (eds.)</subfield></datafield><datafield ind1=" " ind2=" " tag="260"><subfield code="a">Berlin</subfield><subfield code="b">Springer-Verlag</subfield><subfield code="c">1982</subfield></datafield><datafield ind1=" " ind2=" " tag="300"><subfield code="a">IX+219 p</subfield></datafield><datafield ind1=" " ind2=" " tag="700"><subfield code="a">Jager, E.M. De</subfield><subfield code="e">Ed</subfield></datafield><datafield ind1=" " ind2=" " tag="852"><subfield code="a">71841</subfield><subfield code="c">53.02</subfield></datafield><datafield ind1=" " ind2=" " tag="CAT"><subfield code="a">SYS</subfield><subfield code="c">20170206</subfield><subfield code="h">184538</subfield></datafield></record></collection>